<?xml version="1.0" encoding="UTF-8"?>
<record xmlns="http://www.loc.gov/MARC21/slim">
   <leader>01424cam a2200337 a 4500</leader>
   <controlfield tag="001">293776</controlfield>
   <controlfield tag="003">NjP</controlfield>
   <controlfield tag="005">20190705140101.0</controlfield>
   <controlfield tag="008">850425m19619999ir            000 0 ara d</controlfield>
   <datafield tag="024" ind1="7" ind2=" ">
      <subfield code="a">princeton_aco004942</subfield>
      <subfield code="2">local</subfield>
   </datafield>
   <datafield ind1=" " ind2=" " tag="035">
      <subfield code="a">(CStRLIN)NJPG85-B9899</subfield>
   </datafield>
   <datafield ind1=" " ind2=" " tag="035">
      <subfield code="9">ABL9011TS</subfield>
   </datafield>
   <datafield ind1=" " ind2=" " tag="035">
      <subfield code="a">(NjP)293776</subfield>
   </datafield>
   <datafield ind1=" " ind2=" " tag="035">
      <subfield code="a">293776</subfield>
   </datafield>
   <datafield ind1=" " ind2=" " tag="040">
      <subfield code="a">PUL</subfield>
      <subfield code="c">PUL</subfield>
      <subfield code="d">PUL</subfield>
   </datafield>
   <datafield ind1=" " ind2=" " tag="049">
      <subfield code="a">PULL</subfield>
   </datafield>
   <datafield ind1=" " ind2=" " tag="035">
      <subfield code="a">(OCoLC)ocm23500454</subfield>
   </datafield>
   <datafield ind1="1" ind2=" " tag="100">
      <subfield code="6">880-01</subfield>
      <subfield code="a">Burūjirdī, Ḥusayn Ṭabāṭabāʼī,</subfield>
      <subfield code="d">1875-1961.</subfield>
   </datafield>
   <datafield ind1="1" ind2="0" tag="245">
      <subfield code="6">880-02</subfield>
      <subfield code="a">Jāmiʻ aḥādīth al-shīʻah :</subfield>
      <subfield code="b">fī aḥkām al-rīʻah /</subfield>
      <subfield code="c">[taʼlīf] Ḥusayn Ṭabāṭabāʼī Burūjirdī.</subfield>
   </datafield>
   <datafield ind1=" " ind2=" " tag="260">
      <subfield code="6">880-03</subfield>
      <subfield code="a">Ṭihrān :</subfield>
      <subfield code="b">Maṭbaʻat al-Misāḥah,</subfield>
      <subfield code="c">1380- [1960 or 1961-</subfield>
   </datafield>
   <datafield ind1=" " ind2=" " tag="300">
      <subfield code="a">v. ;</subfield>
      <subfield code="c">36 cm.</subfield>
   </datafield>
   <datafield ind1=" " ind2="0" tag="650">
      <subfield code="a">Hadith (Shiites)</subfield>
      <subfield code="0">http://id.loc.gov/authorities/subjects/sh85058199</subfield>
   </datafield>
   <datafield ind1=" " ind2="0" tag="650">
      <subfield code="a">Islamic law</subfield>
      <subfield code="x">Sources.</subfield>
      <subfield code="0">http://id.loc.gov/authorities/subjects/sh85068457</subfield>
   </datafield>
   <datafield ind1="1" ind2=" " tag="880">
      <subfield code="6">100-01/r</subfield>
      <subfield code="a">بروجردي، حسين طباطبائي،</subfield>
      <subfield code="d">1875-1961.</subfield>
   </datafield>
   <datafield ind1="1" ind2="0" tag="880">
      <subfield code="6">245-02/r</subfield>
      <subfield code="a">جامع احاديث الشيعة :</subfield>
      <subfield code="b">في احكام الريعة /</subfield>
      <subfield code="c">[تأليف] حسين طباطبائي بروجردي.</subfield>
   </datafield>
   <datafield ind1=" " ind2=" " tag="880">
      <subfield code="6">260-03/r</subfield>
      <subfield code="a">طهران :</subfield>
      <subfield code="b">مطبعة المساحة،</subfield>
      <subfield code="c">1380- [1960 or 1961-</subfield>
   </datafield>
   <datafield ind1=" " ind2=" " tag="998">
      <subfield code="a">05/01/85</subfield>
      <subfield code="s">9124</subfield>
      <subfield code="n">NjP</subfield>
      <subfield code="w">MIUG84B69750</subfield>
      <subfield code="d">04/25/85</subfield>
      <subfield code="c">PIN</subfield>
      <subfield code="b">MT</subfield>
      <subfield code="i">850501</subfield>
      <subfield code="l">NJPG</subfield>
   </datafield>
   <datafield ind1=" " ind2=" " tag="948">
      <subfield code="a">CON PC1</subfield>
   </datafield>
   <datafield ind1=" " ind2=" " tag="911">
      <subfield code="a">19921028</subfield>
   </datafield>
   <datafield ind1=" " ind2=" " tag="912">
      <subfield code="a">19900822000000.0</subfield>
   </datafield>
   <datafield ind1=" " ind2=" " tag="994">
      <subfield code="a">C0</subfield>
      <subfield code="b">PUL</subfield>
   </datafield>
   <datafield ind1=" " ind2=" " tag="999">
      <subfield code="a">293776</subfield>
   </datafield>
   <datafield ind1=" " ind2=" " tag="979">
      <subfield code="a">(OCoLC)ocn175506255</subfield>
   </datafield>
   <datafield ind1="0" ind2="1" tag="852">
      <subfield code="0">321468</subfield>
      <subfield code="b">rcppa</subfield>
      <subfield code="t">1</subfield>
      <subfield code="c">Oversize</subfield>
      <subfield code="h">BP193.27</subfield>
      <subfield code="i">.B878 1960q</subfield>
      <subfield code="x">tr fr nec</subfield>
   </datafield>
   <datafield ind1=" " ind2="0" tag="866">
      <subfield code="0">321468</subfield>
      <subfield code="8">0</subfield>
      <subfield code="a">Vol. 1-v. 2; v. 6</subfield>
   </datafield>
   <datafield ind1=" " ind2="0" tag="866">
      <subfield code="0">321468</subfield>
      <subfield code="8">0</subfield>
      <subfield code="x">Add as:v.</subfield>
   </datafield>
   <datafield ind1=" " ind2=" " tag="959">
      <subfield code="a">2011-06-21 13:26:55 -0400</subfield>
   </datafield>
</record>
